@inproceedings{chabanne2017verifiable,
  title={Verifiable document redacting},
  author={Chabanne, Herv{\'e} and Hugel, Rodolphe and Keuffer, Julien},
  booktitle={European Symposium on Research in Computer Security},
  pages={334--351},
  year={2017},
  organization={Springer}
}
